%% LaTeX2e file `bibexample.bib'
%% generated by the `filecontents' environment
%% from source `main' on 2022/09/22.
%%
@book{gilbert2005simulation,
  title={Simulation for the social scientist},
  author={Gilbert, Nigel and Troitzsch, Klaus},
  year={2005},
  publisher={McGraw-Hill Education (UK)}
}

@article{schelling1971dynamic,
  title={Dynamic models of segregation},
  author={Schelling, Thomas C},
  journal={Journal of mathematical sociology},
  volume={1},
  number={2},
  pages={143--186},
  year={1971},
  publisher={Taylor \& Francis}
}

@article{manzo2018complex,
  title={Complex contagions and the diffusion of innovations: Evidence from a small-N study},
  author={Manzo, Gianluca and Gabbriellini, Simone and Roux, Valentine and Mâ€™mbogori, Freda Nkirote},
  journal={Journal of Archaeological Method and Theory},
  volume={25},
  number={4},
  pages={1109--1154},
  year={2018},
  publisher={Springer}
}

@article{bravo2012trust,
  title={Trust and partner selection in social networks: An experimentally grounded model},
  author={Bravo, Giangiacomo and Squazzoni, Flaminio and Boero, Riccardo},
  journal={Social Networks},
  volume={34},
  number={4},
  pages={481--492},
  year={2012},
  publisher={Elsevier}
}

@article{zhou2022costly,
  title={Costly incentives design from an institutional perspective: cooperation, sustainability and affluence},
  author={Zhou, Xin and Belloum, Adam and Lees, Michael H and van Engers, Tom and de Laat, Cees},
  journal={Proceedings of the Royal Society A},
  volume={478},
  number={2265},
  pages={20220393},
  year={2022},
  publisher={The Royal Society}
}

